@manual{inmetro2003,
Author = {INMETRO},
Title = {Vocabulário internacional de termos fundamentais e gerais de
metrologia},
Year = {2013},
Address = {Rio de Janeiro, Brasil},
Pages = {75},
isbn = {85-87090-90-9},
}
@inproceedings{soviero1997,
Author = {P. A. O. Soviero and L. G. M. Lavagna},
Title = {A Numerical Model for Thin Airfoils in Unsteady Motion},
Year = {1997},
Pages = {332-340},
Volume = {19},
Number = {3},
Booktitle = {Journal of the Brazilian Societyt Mechanical Sciences},
}
@inproceedings{sparrow1980,
Author = {E. M. Sparrow},
Title = {Forced Convection Heat Transfer in a Duct Having Spanwise-Periodic
Rectangular Protuberances},
Year = {1980},
Pages = {149-167},
Volume = {3},
Booktitle = {Numerical Heat Transfer},
}
@article{clark1986,
Author = {J. A. Clark},
Title = {Private Communication},
Year = {1986},
Address = {University of Michigan},
}
@article{arruda2007,
Author = {M. B. B. Arruda},
Title = {Como fazer referências: bibliográficas, eletrônicas e demais
formas de documentos},
Year = {2007},
Url = {http://bu.ufsc.br/framerefer.html}
}
@article{coimbra1978,
Author = {A. L. Coimbra},
Title = {Lessons of Continuum Mechanics},
Year = {1978},
Address = {São Paulo, Brazil},
Pages = {428},
Editor = {Edgard Blücher},
}
@inproceedings{bordalo1989,
Author = {S. N. Bordalo and J. H. Ferziger and S. J. Kline},
Title = {The Development of Zonal Models for Turbulence},
Year = {1989},
Pages = {41-44},
Booktitle = {Proceedings of the 10th Brazilian Congress of Mechanical
Engineering},
Volume = {1},
}
@manual{NBR14724:2011,
Address = {Rio de Janeiro},
Date-Added = {2012-12-15 20:34:08 +0000},
Date-Modified = {2012-12-15 20:35:25 +0000},
Month = mar,
Org-Short = {ABNT},
Organization = {Associa{\c c}\~ao Brasileira de Normas T\'ecnicas},
Pages = 15,
Subtitle = {Informa{\c c}\~ao e documenta{\c c}\~ao --- trabalhos acad\^emicos --- apresenta{\c c}\~ao},
Title = {{NBR} 14724},
Year = 2011
}
@manual{NBR6034:2000,
Address = {Rio de Janeiro},
Org-Short = {ABNT},
Organization = {Associa{\c c}\~ao Brasileira de Normas T\'ecnicas},
Subtitle = {Informa{\c c}\~ao e documenta{\c c}\~ao --- Referências},
Title = {{NBR} 14724},
Year = 2000
}

@misc{bom,
    author = "{Wikipedia contributors}",
    title = "Bill of materials --- {Wikipedia}{,} The Free Encyclopedia",
    year = "2021",
    howpublished = "\url{https://en.wikipedia.org/wiki/Bill_of_materials}",
    note = "\textit{Online}, acessado em 27 de janeiro de 2021"
  }

@misc{blockdiagram,
    author = "{Wikipedia contributors}",
    title = "Block diagram --- {Wikipedia}{,} The Free Encyclopedia",
    year = "2020",
    howpublished = "\url{https://en.wikipedia.org/wiki/Block_diagram}",
    note = "\textit{Online}, acessado em 27 de janeiro de 2021"
}  

@misc{esquematico,
  author = "{F\'abio Souza}",
  title = "Aprenda a interpretar um diagrama esquemático",
  year = "2016",
  howpublished = "\url{https://www.embarcados.com.br/interpretar-um-diagrama-esquematico/}",
  note = "\textit{Online}, acessado em 27 de janeiro de 2021"
}

@book{moyses,
  title={Curso de f{\'\i}sica b{\'a}sica: Mec{\^a}nica (vol. 1)},
  author={Nussenzveig, Herch Moys{\'e}s},
  volume={394},
  year={2013},
  publisher={Editora Blucher}
}

@book{rocketpropulsionelements,
  title={Rocket Propulsion Elements},
  author={Sutton, George P and Biblarz, Oscar},
  edition={9},
  year={2017},
  publisher={Wiley}
}

@article{tcc,
    author = {Oliveira , Marco A. S.},
    title = { OS ASPECTOS FÍSICOS E MATEMÁTICOS DO 
LANÇAMENTO DO FOGUETE DE GARRAFA PET } ,
    journal = {Universidade Católica de Brasília} ,
    year = {2008}
}  
@article{Apte2016,
  author  = {Apte, Abhay and Apte, Shireesh},
  title   = {The influence of different factors on the maximum height reached of a water‐powered rocket},
  journal = {Journal of Human Sport and Exercise},
  year    = {2016},
  note    = {Disponível em: \url{https://l1nq.com/W0C4H}},
}

@article{Menezes2022,
  author    = {Menezes, F. B. de and Alves, E. V. dos S. and Ferrante, C. A. de O. and Silva, K. F. da and Sousa, R. P. de and Jerônimo Netto, A. and Santos, M. E. dos and Alves, U. P. and Bezerra, M. A. P. and Bessa, N. G. F. de},
  title     = {Engineering knowledge combined with the PET bottle rocket launch: experience with public school girls in the municipality of Gurupi-TO},
  journal   = {Research, Society and Development},
  year      = {2022},
  volume    = {11},
  number    = {11},
  pages     = {e473111133662},
  doi       = {10.33448/rsd-v11i11.33662}
}